
@misc{ellenberg2016new,
      title={New bounds on curve tangencies and orthogonalities}, 
      author={Jordan S. Ellenberg and Jozsef Solymosi and Joshua Zahl},
      year={2016},
      eprint={1509.05821},
      archivePrefix={arXiv},
      primaryClass={math.CO}
}
